@INPROCEEDINGS{Azzopardi_etal_SIGIR2017,
   author = "L. Azzopardi and M. Crane and H. Fang and G. Ingersoll and J. Lin and Y. Moshfeghi and H. Scells and P. Yang and G. Zuccon",
   title = "The {Lucene} for {Information} {Access} and {Retrieval} {Research} ({LIARR}) {Workshop} at {SIGIR} 2017",
   booktitle = "SIGIR",
   year = 2017,
   pages = "1429--1430",
}

@article{azzopardi2016lucene4ir,
 author = {Azzopardi, L. and Moshfeghi, Y. and Halvey, M. and Alkhawaldeh, R. and Balog, K. and Di Buccio, E. and Ceccarelli, D. and Fern\'{a}ndez-Luna, J. and Hull, C. and Mannix, J. and Palchowdhury, S.},
 title = {Lucene4IR: Developing Information Retrieval Evaluation Resources Using Lucene},
 journal = {SIGIR Forum},
 volume = {50},
 number = {2},
 year = {2017},
 pages = {58--75},
 numpages = {18},
} 

@INPROCEEDINGS{Yang_etal_SIGIR2017,
   author = "P. Yang and H. Fang and J. Lin",
   title = "{Anserini}: Enabling the Use of {Lucene} for Information Retrieval Research",
   booktitle = "SIGIR",
   year = 2017,
   pages = "1253--1256",
}

@ARTICLE{Yang_etal_JDIQ2018,
   author = "P. Yang and H. Fang and J. Lin",
   title = "{Anserini}: Reproducible Ranking Baselines Using {Lucene}",
   journal = "JDIQ",
   volume = 10,
   number = 4,
   pages = "Article 16",
   year = 2018,
}

@inproceedings{Lin_etal_ECIR2016,
   author = "J. Lin and M. Crane and A. Trotman and J. Callan and I. Chattopadhyaya and J. Foley and G. Ingersoll and C. Macdonald and S. Vigna",
   title = "Toward Reproducible Baselines: The Open-Source {IR} Reproducibility Challenge",
   booktitle = "ECIR",
   year = 2016,
   pages = "408--420"
}
